@inbook{BlockCipherCompanion,
    author={L.R. Knudsen and M.J.B. Robshaw},   
    year={2011},
    title={The Block Cipher Companion},
    publisher={Springer-Verlag Berlin Heidelberg},
    pages={109-126,145-165},
}

@inbook{amsbook,
    author={Charles M. Grinstead and J. Laurie Snell},   
    year={2006},
    title={Grinstead and Snell's Introduction to Probability},
    publisher={American Mathematical Society},
}

@inproceedings{MarkovCiphers,
    author = {Xuejia Lai, James L. Massey and Sean Murphy},
    title = {Markov Ciphers and Differential Crytanalysis},
    year = {1991},
    url =
    {\url{http://www.reteam.org/fleur/files/papers/markov%20ciphers%20and%20differential%20cryptanalysis.pdf}},
    address = {Institute for Signal and Information Processing, Swiss Federal
    Institute of Technology, CH-8092 Zurich, Switzerland},
}

@article{shannon1949communication,
    title={Communication theory of secrecy systems},
    author={Shannon, Claude E},
    journal={Bell system technical journal},
    volume={28},
    number={4},
    pages={656--715},
    year={1949}
}

@article{selccuk2008probability,
    title={On probability of success in linear and differential cryptanalysis},
    author={Sel{\c{c}}uk, Ali Ayd{\i}n},
    journal={Journal of Cryptology},
    volume={21},
    number={1},
    pages={131--147},
    year={2008},
    publisher={Springer}
}

@inproceedings{gueron2009intel,
   title={Intelâ€™s new AES instructions for enhanced performance and security},
   author={Gueron, Shay},
   booktitle={Fast Software Encryption},
   pages={51--66},
   year={2009},
   organization={Springer}
}

@article{biham1991differential,
  title={Differential cryptanalysis of DES-like cryptosystems},
  author={Biham, Eli and Shamir, Adi},
  journal={Journal of CRYPTOLOGY},
  volume={4},
  number={1},
  pages={3--72},
  year={1991},
  publisher={Springer}
}

@article{UnsubA,
    title={Unsub: Toy ciphers for games in cryptanalysis},
    author={Riaal Domingues},
    journal={Self published},
    year={2011}
}

